@booklet
{
lab1,
author = "Villard L., Läuchli A.",
title = "{Physique numérique I-II}",
year = "2019"
}
@booklet
{
lab2,
title = "{Physique numérique I - Exercice 3}"
}
@book
{
lab4,
author="Picasso M., Rappaz J.",
title = "{Introduction à l'analyse numérique}",
year = "2017"
}